@DocuShare{TSTN-021,
  author = {Leanne Guy, Patrick Ingraham, Andy Clements},
   title = "{Observatory User-Documentation Working Group Charge}",
    year = 2020,
  handle = {TSTN-021},
    note = {LSST Telescope and Site Technical Note},
     url = {https://tstn-021.lsst.io},
}